<?xml version="1.0" encoding="UTF-8"?>
  <record xmlns="http://www.loc.gov/MARC21/slim" type="Authority">
    <leader>00000nz  a2200000nc 4500</leader>
    <controlfield tag="001">115717994</controlfield>
    <controlfield tag="003">DE-101</controlfield>
    <controlfield tag="005">20170203163709.0</controlfield>
    <controlfield tag="008">970925n||aznnnaabn           | aaa    |c</controlfield>
    <datafield tag="024" ind1="7" ind2=" ">
      <subfield code="a">115717994</subfield>
      <subfield code="0">http://d-nb.info/gnd/115717994</subfield>
      <subfield code="2">gnd</subfield>
    </datafield>
    <datafield tag="035" ind1=" " ind2=" ">
      <subfield code="a">(DE-101)115717994</subfield>
    </datafield>
    <datafield tag="035" ind1=" " ind2=" ">
      <subfield code="a">(DE-588)115717994</subfield>
    </datafield>
    <datafield tag="035" ind1=" " ind2=" ">
      <subfield code="z">(DE-588a)115717994</subfield>
      <subfield code="9">v:zg</subfield>
    </datafield>
    <datafield tag="040" ind1=" " ind2=" ">
      <subfield code="a">DE-12</subfield>
      <subfield code="c">DE-12</subfield>
      <subfield code="9">r:DE-12</subfield>
      <subfield code="b">ger</subfield>
      <subfield code="d">9999</subfield>
    </datafield>
    <datafield tag="042" ind1=" " ind2=" ">
      <subfield code="a">gnd1</subfield>
    </datafield>
    <datafield tag="075" ind1=" " ind2=" ">
      <subfield code="b">p</subfield>
      <subfield code="2">gndgen</subfield>
    </datafield>
    <datafield tag="075" ind1=" " ind2=" ">
      <subfield code="b">piz</subfield>
      <subfield code="2">gndspec</subfield>
    </datafield>
    <datafield tag="079" ind1=" " ind2=" ">
      <subfield code="a">g</subfield>
      <subfield code="q">a</subfield>
      <subfield code="q">f</subfield>
    </datafield>
    <datafield tag="100" ind1="1" ind2=" ">
      <subfield code="a">Gruttschreiber von Zopskendorff, Hans Adam</subfield>
      <subfield code="d">1607-1655</subfield>
    </datafield>
    <datafield tag="400" ind1="1" ind2=" ">
      <subfield code="a">Zopskendorff, Hans Adam Gruttschreiber &#152;von&#156;</subfield>
      <subfield code="d">1607-1655</subfield>
    </datafield>
    <datafield tag="400" ind1="1" ind2=" ">
      <subfield code="a">Gruttschreiber von Zopskendorf, Hans Adam</subfield>
      <subfield code="d">1607-1655</subfield>
    </datafield>
    <datafield tag="400" ind1="1" ind2=" ">
      <subfield code="a">Zopskendorf, Hans Adam Gruttschreiber &#152;von&#156;</subfield>
      <subfield code="d">1607-1655</subfield>
    </datafield>
    <datafield tag="400" ind1="1" ind2=" ">
      <subfield code="a">Gruttschreiber von Zopskendorff, Johann Adam</subfield>
      <subfield code="d">1607-1655</subfield>
    </datafield>
    <datafield tag="400" ind1="1" ind2=" ">
      <subfield code="a">Zopskendorff, Johann Adam Gruttschreiber &#152;von&#156;</subfield>
      <subfield code="d">1607-1655</subfield>
    </datafield>
    <datafield tag="400" ind1="1" ind2=" ">
      <subfield code="a">Gruttschreiber und Czopkendorf, Johann Adam &#152;von&#156;</subfield>
      <subfield code="d">1607-1655</subfield>
    </datafield>
    <datafield tag="400" ind1="1" ind2=" ">
      <subfield code="a">Gruttschreiber und Czopkendorf, Johannes Adam &#152;von&#156;</subfield>
      <subfield code="d">1607-1655</subfield>
    </datafield>
    <datafield tag="400" ind1="1" ind2=" ">
      <subfield code="a">Czopkendorf, Hans Adam von Gruttschreiber &#152;und&#156;</subfield>
      <subfield code="d">1607-1655</subfield>
    </datafield>
    <datafield tag="400" ind1="1" ind2=" ">
      <subfield code="a">Gruttschreiber, Hans Adam &#152;von&#156;</subfield>
      <subfield code="d">1607-1655</subfield>
    </datafield>
    <datafield tag="400" ind1="1" ind2=" ">
      <subfield code="a">Gruttschreiber, Johann Adam &#152;von&#156;</subfield>
      <subfield code="d">1607-1655</subfield>
    </datafield>
    <datafield tag="400" ind1="1" ind2=" ">
      <subfield code="a">Gruttschreiber, Johannes Adam &#152;von&#156;</subfield>
      <subfield code="d">1607-1655</subfield>
    </datafield>
    <datafield tag="400" ind1="1" ind2=" ">
      <subfield code="a">Gruttschreiber und Czopkendorf, Hans Adam &#152;von&#156;</subfield>
      <subfield code="d">1607-1655</subfield>
      <subfield code="9">v:Die Siebmacherschen Wappenbücher</subfield>
    </datafield>
    <datafield tag="548" ind1=" " ind2=" ">
      <subfield code="a">1607-1655</subfield>
      <subfield code="4">datl</subfield>
      <subfield code="4">https://d-nb.info/standards/elementset/gnd#dateOfBirthAndDeath</subfield>
      <subfield code="w">r</subfield>
      <subfield code="i">Lebensdaten</subfield>
    </datafield>
    <datafield tag="667" ind1=" " ind2=" ">
      <subfield code="a">VD-17</subfield>
    </datafield>
    <datafield tag="670" ind1=" " ind2=" ">
      <subfield code="a">Stammbuch des blühenden und abgestorbenen Adels in Deutschland, Regensburg 1863</subfield>
    </datafield>
    <datafield tag="672" ind1=" " ind2="0">
      <subfield code="a">Hans Adam von: Kurtze verbesserte Anleitung Wie Anmutige Teutsche Briefe nach heutigem Gebrauch recht zierlich, artig und kurtz zustellen. - 1647</subfield>
    </datafield>
    <datafield tag="678" ind1=" " ind2=" ">
      <subfield code="b">Fürstl. Briegischer Hofrichter und Dir. der Landeskasse</subfield>
    </datafield>
    <datafield tag="913" ind1=" " ind2=" ">
      <subfield code="S">pnd</subfield>
      <subfield code="i">a</subfield>
      <subfield code="a">Gruttschreiber von Zopskendorff, Hans Adam</subfield>
      <subfield code="0">(DE-588a)115717994</subfield>
    </datafield>
  </record>
